<?xml version="1.0" encoding="UTF-8"?><collection xmlns="http://www.loc.gov/MARC21/slim"><record><leader>00355nam--2200133-i-4500</leader><controlfield tag="001">000027201</controlfield><controlfield tag="002">20161230</controlfield><controlfield tag="005">20161230201036</controlfield><controlfield tag="008">060222s1000------------r-----000-0-eng-d</controlfield><datafield ind1=" " ind2=" " tag="100"><subfield code="a">Koursanov, Andre</subfield></datafield><datafield ind1=" " ind2=" " tag="245"><subfield code="a">Les elements radioactifs dans l`etude de la vie vegetale</subfield></datafield><datafield ind1=" " ind2=" " tag="260"><subfield code="a">Genevem Edit., 1955, 13p</subfield></datafield><datafield ind1=" " ind2=" " tag="490"><subfield code="a">Conferende De Geneve</subfield></datafield><datafield ind1=" " ind2=" " tag="852"><subfield code="a">12529</subfield></datafield></record></collection>